@book{Die Befragung,
    author = {Armin Scholl},
    title = {Die Befragung},
    publisher = {Utb GmbH},
    year = {2014},
    auflage = {3},
    sprache = {Deutsch},
}

@book{Einf端hrung in die Test- und Fragebogenkonstruktion,
    author = {Markus B端hner},
    title = {Einf端hrung in die Test- und Fragebogenkonstruktion},
    publisher = {Pearson Deutschland GmbH},
    year = {2021},
    auflage = {4},
    sprache = {Deutsch},
}

@book{Interview und schriftliche Befragung,
    author = {Mayer, Horst Otto},
    title = {Interview und schriftliche Befragung: Entwicklung, Durchf端hrung und Auswertung},
    publisher = {Oldenbourg Wissenschaftsverlag},
    year = {2008},
    auflage = {1},
    sprache = {Deutsch},
}

@book{Statistik von Null auf Hundert,
author = {author},
title = {title},
date = {date},
}

@online{What is Scrum,
    author = {Scrum Alliance Inc.},
    title = {WHAT IS SCRUM?},
    date = {2023},
    url = {https://www.scrumalliance.org/about-scrum#!section1},
}

@online{What is a Product Owner,
    author = {author},
    title = {title},
    date = {date},
    url = {https://scrum-master.de/Scrum-Rollen/Scrum-Rollen_Product_Owner},
}

@online{What is a Scrum Master,
    author = {author},
    title = {title},
    date = {date},
    url = {https://scrum-master.de/Scrum-Rollen/Scrum-Rollen_ScrumMaster},
}

@online{What is a Developer,
    author = {author},
    title = {title},
    date = {date},
    url = {https://scrum-master.de/Scrum-Rollen/Scrum-Rollen_Team},
}

@online{What is a Sprint,
    author = {author},
    title = {title},
    date = {date},
    url = {https://scrum-master.de/Scrum-Meetings/Sprint},
}

@online{What is a Sprint planing meeting,
    author = {author},
    title = {title},
    date = {date},
    url = {https://scrum-master.de/Scrum-Meetings/Sprint_Planning_Meeting},
}

@online{What is a Daily Scrum,
    author = {author},
    title = {title},
    date = {date},
    url = {https://scrum-master.de/Scrum-Meetings/Daily_Scrum_Meeting},
}

@online{What is a Sprint Review,
    author = {author},
    title = {title},
    date = {date},
    url = {https://scrum-master.de/Scrum-Meetings/Sprint_Review_Meeting},
}

@online{What is a Sprint Retroperspektive,
    author = {author},
    title = {title},
    date = {date},
    url = {https://scrum-master.de/Scrum-Glossar/Sprint_Retrospective_Meeting},
}

@online{Mixed Reality Toolkit 3,
    author = {Microsoft},
    title = {Mixed Reality Toolkit 3},
    date = {09/06/2023},
    url = {https://learn.microsoft.com/en-us/windows/mixed-reality/mrtk-unity/mrtk3-overview/},
}

@online{OpenXR,
    author = {Khronos Group},
    title = {Unifying Reality},
    date = {2019},
    url = {https://www.khronos.org/openxr/},
}

@online{Managers,
    author = {Medium},
    title = {Creating Manager Classes in Unity},
    date = {2021},
    url = {https://sneakydaggergames.medium.com/creating-manager-classes-in-unity-a77cf7edcba5},
}

@online{PlaneManager,
    author = {Unity},
    title = {AR plane manager},
    date = {2022},
    url = {https://docs.unity.cn/Packages/com.unity.xr.arfoundation@4.1/manual/plane-manager.html},
}

@online{Plane,
    author = {Unity},
    title = {AR Plane},
    date = {2022},
    url = {https://docs.unity3d.com/ScriptReference/Plane.html},
}

@online{Scene,
    author = {Unity},
    title = {Scenes},
    date = {date},
    url = {https://docs.unity3d.com/Manual/CreatingScenes.html},
}

@online{RaycastManager,
    author = {Unity},
    title = {Class ARRaycastManager},
    date = {2023},
    url = {https://docs.unity.cn/Packages/com.unity.xr.arfoundation@5.0/api/UnityEngine.XR.ARFoundation.ARRaycastManager.html},
}

@online{TextMesh,
    author = {Unity},
    title = {TextMeshPro},
    date = {2023},
    url = {https://docs.unity3d.com/Manual/com.unity.textmeshpro.html},
}

@online{Prefab,
    author = {Unity},
    title = {Prefabs},
    date = {date},
    url = {https://docs.unity3d.com/Manual/Prefabs.html},
}

@online{Objektbegrenzungen,
    author = {Unity},
    title = {title},
    date = {date},
    url = {https://docs.unity3d.com/ScriptReference/Bounds.html},
}

@online{Renderer,
    author = {author},
    title = {title},
    date = {date},
    url = {https://docs.unity3d.com/ScriptReference/Renderer.html},
}

@online{Introduction to Knapsack-Problem its Types and How to solve them,
    author = {author},
    title = {title},
    date = {date},
    url = {https://www.geeksforgeeks.org/introduction-to-knapsack-problem-its-types-and-how-to-solve-them/},
}

@online{GameObjects,
author = {author},
title = {title},
date = {date},
url = {https://docs.unity3d.com/Manual/GameObjects.html},
}

@online{FBX. Getting started,
author = {Autodesk},
title = {FBX},
date = {date},
url = {https://help.autodesk.com/view/FBX/2020/ENU/?guid=FBX_Developer_Help_welcome_to_the_fbx_sdk_html},
}

@online{Looptools,
author = {Blender},
title = {title},
date = {date},
url = {https://docs.blender.org/manual/en/latest/addons/mesh/looptools.html},
}

@online{Object Modes,
author = {Blender},
title = {title},
date = {date},
url = {https://docs.blender.org/manual/en/latest/editors/3dview/modes.html},
}

@online{Vertices,
author = {Blender},
title = {title},
date = {date},
url = {https://docs.blender.org/manual/en/latest/scene_layout/object/properties/instancing/verts.html},
}

@online{Mesh,
author = {Blender},
title = {title},
date = {date},
url = {https://docs.blender.org/manual/en/latest/modeling/meshes/index.html},
}

@online{Extrahieren,
author = {Blender},
title = {title},
date = {date},
url = {https://docs.blender.org/manual/de/dev/grease_pencil/modes/edit/point_menu.html#extrude},
}

@online{HTML,
author = {Mozilla Developer Network},
title = {title},
date = {date},
url = {https://developer.mozilla.org/en-US/docs/Web/HTML},
}

@online{CSS,
author = {Mozilla Developer Network},
title = {title},
date = {date},
url = {https://developer.mozilla.org/en-US/docs/Web/CSS},
}

@online{Javascript,
author = {Mozilla Developer Network},
title = {title},
date = {date},
url = {https://developer.mozilla.org/en-US/docs/Web/JavaScript},
}

@online{Bootstrap,
author = {Bootstrap Dokumentation},
title = {title},
date = {date},
url = {https://getbootstrap.com/docs/5.1/getting-started/introduction/},
}

@online{CDN-Links,
author = {Bootstrap Dokumentation},
title = {title},
date = {date},
url = {https://getbootstrap.com/docs/5.2/getting-started/introduction/},
}
@online{Canvas,
author = {Unity},
title = {Canvas},
date = {2024},
url = {https://docs.unity3d.com/Packages/com.unity.ugui@1.0/manual/UICanvas.html},
}

@online{Canvas,
author = {Unity},
title = {Job System},
date = {2024},
url = {https://docs.unity3d.com/Manual/JobSystemOverview.html},
}

@online{PhotoCapture,
author = {Unity},
title = {PhotoCapture},
date = {2024},
url = {https://docs.unity3d.com/560/Documentation/ScriptReference/VR.WSA.WebCam.PhotoCapture.html},
}

@online{Asset Store,
author = {Unity},
title = {title},
date = {2024},
url = {https://support.unity.com/hc/en-us/articles/210142503-What-is-the-Unity-Asset-Store-and-how-do-I-purchase-Assets#:~:text=The%20Unity%20Asset%20Store%20is%20home%20to%20a%20growing%20library,examples%2C%20tutorials%20and%20Extension%20Assets},
}

@online{Allgemein,
author = {Blender},
title = {title},
date = {2024},
url = {https://www.blender.org/},
}

@online{3DS Max,
author = {Unity},
title = {Autodesk},
date = {2024},
url = {https://www.autodesk.de/products/3ds-max/overview?term=1-YEAR&tab=subscription},
}

@online{Cinema 4D,
author = {Unity},
title = {Maxon},
date = {2024},
url = {https://www.maxon.net/de/cinema-4d},
}

@online{0/1 Knapsack-Problem,
author = {author},
title = {title},
date = {date},
url = {https://www.geeksforgeeks.org/0-1-knapsack-problem-dp-10/},
}

@online{Fractional Knapsack Problem,
author = {author},
title = {title},
date = {date},
url = {https://www.geeksforgeeks.org/fractional-knapsack-problem/},
}

@online{Bounded Knapsack Problem,
author = {author},
title = {title},
date = {date},
url = {https://www.geeksforgeeks.org/extended-knapsack-problem/},
}

@online{Unbounded Knapsack,
author = {author},
title = {title},
date = {date},
url = {https://www.geeksforgeeks.org/unbounded-knapsack-repetition-items-allowed/},
}

@online{Multi-objective Knapsack-Problem,
author = {author},
title = {title},
date = {date},
url = {https://en.wikipedia.org/wiki/Knapsack_problem#Multi-objective_knapsack_problem},
}

@online{Multi-dimensional Knapsack-Problem,
author = {author},
title = {title},
date = {date},
url = {https://en.wikipedia.org/wiki/Knapsack_problem#Multi-dimensional_knapsack_problem},
}

@online{Multi Knapsack-Problem,
author = {author},
title = {title},
date = {date},
url = {https://en.wikipedia.org/wiki/Knapsack_problem#Multiple_knapsack_problem},
}

@online{Quadratic Knapsack-Problem,
author = {author},
title = {title},
date = {date},
url = {https://en.wikipedia.org/wiki/Knapsack_problem#Quadratic_knapsack_problem},
}

@online{Geometric Knapsack-Problem,
author = {author},
title = {title},
date = {date},
url = {https://en.wikipedia.org/wiki/Knapsack_problem#Geometric_knapsack_problem},
}

@online{Solving the 0/1 Knapsack Problem Using Metaheuristic and Neural Networks,
author = {author},
title = {title},
date = {date},
url = {https://www.hindawi.com/journals/mpe/2023/1742922/},
}

@online{Knapsack-Problem Anwendungen,
author = {author},
title = {title},
date = {date},
url = {https://en.wikipedia.org/wiki/Knapsack_problem#Applications},
}

@online{Raycast,
author = {Unity},
title = {Raycast},
date = {2024},
url = {https://docs.unity3d.com/Packages/com.unity.xr.arfoundation@4.0/manual/raycast-manager.html},
}

@online{Bild-Textur,
author = {artisticrender},
title = {title},
date = {2024},
url = {https://artisticrender.com/how-to-add-a-texture-to-an-object-in-blender/},
}

@online{Textur,
author = {TechnicalProTip},
title = {title},
date = {2024},
url = {https://technicalprotips.com/the-importance-of-lighting-and-texturing-in-3d-modeling/},
}

@online{Node-Introduction,
author = {Blender},
title = {title},
date = {2024},
url = {https://docs.blender.org/manual/en/latest/interface/controls/nodes/introduction.html},
}

@online{Mesh Definition,
author = {author},
title = {title},
date = {2024},
url = {https://www.geeksforgeeks.org/polygon-mesh-in-computer-graphics/},
}

@online{Mesh Usages,
author = {author},
title = {title},
date = {2024},
url = {https://www.techtarget.com/whatis/definition/3D-mesh},
}

@online{Ways to optimize Game Assets,
author = {author},
title = {title},
date = {2024},
url = {https://cgcookie.com/posts/3-ways-to-optimize-game-assets-in-blender},
}

@online{What are Polygons,
author = {author},
title = {title},
date = {2024},
url = {https://cgifurniture.com/what-are-polygons-in-3d-modeling/},
}

@online{How to reduce Polygons,
author = {author},
title = {title},
date = {2024},
url = {https://all3dp.com/2/blender-how-to-reduce-polygons/},
}

@online{Welches Dateiformat,
author = {author},
title = {title},
date = {2024},
url = {https://www.gamedev-profi.de/die-besten-quellen-fuer-3d-modelle/},
}

@online{Prefabs,
author = {author},
title = {title},
date = {2024},
url = {https://docs.unity3d.com/Manual/Prefabs.html},
}

@online{Prefabs-2,
author = {author},
title = {title},
date = {2024},
url = {https://learn.unity.com/tutorial/prefabs-e#},
}

@online{Visual Studio Solution,
author = {author},
title = {title},
date = {2024},
url = {https://learn.microsoft.com/en-us/visualstudio/ide/solutions-and-projects-in-visual-studio?view=vs-2022},
}

@online{Universal Unencrypted Protocol,
author = {author},
title = {title},
date = {2024},
url = {https://learn.microsoft.com/en-us/windows/uwp/debug-test-perf/deploying-and-debugging-uwp-apps},
}

@online{http-server,
author = {author},
title = {title},
date = {2024},
url = {https://www.npmjs.com/package/http-server},
}

@online{CORS,
author = {author},
title = {title},
date = {2024},
url = {https://aws.amazon.com/de/what-is/cross-origin-resource-sharing/#:~:text=Cross%2DOrigin%20Resource%20Sharing%20(CORS,Ressourcen%20in%20einer%20anderen%20Domain.},
}

@online{CORS-2,
author = {author},
title = {title},
date = {2024},
url = {https://developer.mozilla.org/en-US/docs/Web/HTTP/CORS},
}

@online{QR-Code-Tracking,
author = {author},
title = {title},
date = {2024},
url = {https://learn.microsoft.com/de-de/windows/mixed-reality/develop/advanced-concepts/qr-code-tracking-overview#best-practices-for-qr-code-detection},
}

@online{Singleton,
author = {author},
title = {title},
date = {2024},
url = {https://learn.microsoft.com/en-us/previous-versions/msp-n-p/ee817670(v=pandp.10)?redirectedfrom=MSDN},
}

@online{Singleton-2,
author = {author},
title = {title},
date = {2024},
url = {https://web.archive.org/web/20020424122433/http://home.earthlink.net/~huston2/dp/singleton.html},
}

@online{Spatial Graph Node,
author = {author},
title = {title},
date = {2024},
url = {https://learn.microsoft.com/en-us/dotnet/api/microsoft.mixedreality.openxr.spatialgraphnode?view=mixedreality-openxr-plugin-1.10},
}

@online{Arrange Act Assert,
author = {author},
title = {title},
date = {2024},
url = {https://automationpanda.com/2020/07/07/arrange-act-assert-a-pattern-for-writing-good-tests/},
}

@online{Visual Studio 2022,
author = {author},
title = {title},
date = {date},
url = {https://visualstudio.microsoft.com/de/vs/},
}

@online{Unity Game Engine,
author = {author},
title = {title},
date = {date},
url = {https://unity.com/de/products/unity-engine},
}

@online{Unity Asset Manager,
author = {author},
title = {title},
date = {date},
url = {https://unity.com/products/asset-manager},
}

@online{Spiele in Augmented Reality und Virtual Reality,
author = {author},
title = {title},
date = {date},
url = {url},
}

@online{Tools for profiling and debugging,
author = {author},
title = {title},
date = {date},
url = {url},
}

@online{Was ist mit Quellcodeverwaltung gemeint?,
author = {author},
title = {title},
date = {date},
url = {https://unity.com/de/solutions/source-code-management},
}

@online{Subsysteme MRTK3,
author = {author},
title = {title},
date = {date},
url = {https://learn.microsoft.com/de-de/windows/mixed-reality/mrtk-unity/mrtk3-overview/architecture/subsystems},
}

@online{MonoBevaiour Class,
author = {author},
title = {title},
date = {date},
url = {https://docs.unity3d.com/ScriptReference/MonoBehaviour.html},
}

@online{About AR Foundation,
author = {author},
title = {title},
date = {date},
url = {https://docs.unity3d.com/Packages/com.unity.xr.arfoundation@4.1/manual/index.html},
}

@online{XR Interaction Toolkit,
author = {author},
title = {title},
date = {date},
url = {https://docs.unity3d.com/Packages/com.unity.xr.interaction.toolkit@2.5/manual/index.html},
}

@online{Order of execution for event functions,
author = {author},
title = {title},
date = {date},
url = {https://docs.unity3d.com/Manual/ExecutionOrder.html},
}
@online{Texture2D,
author = {Unity},
title = {Class Texture2D},
date = {2023},
url = {https://docs.unity3d.com/ScriptReference/Texture2D.html},
}

@online{Canvas,
author = {Unity},
title = {Canvas},
date = {2024},
url = {https://docs.unity3d.com/Packages/com.unity.ugui@1.0/manual/UICanvas.html},
}

@online{Job System,
author = {Unity},
title = {Job System},
date = {2024},
url = {https://docs.unity3d.com/Manual/JobSystemOverview.html},
}

@online{PhotoCapture,
author = {Unity},
title = {PhotoCapture},
date = {2024},
url = {https://docs.unity3d.com/560/Documentation/ScriptReference/VR.WSA.WebCam.PhotoCapture.html},
}
@online{Raycast,
author = {Unity},
title = {Raycast},
date = {2024},
url = {https://docs.unity3d.com/Packages/com.unity.xr.arfoundation@4.0/manual/raycast-manager.html},
}

@online{Vector2,
author = {Unity},
title = {Class Vector2},
date = {2023},
url = {https://docs.unity3d.com/ScriptReference/Texture2D.html},
}

@online{Coroutine2,
author = {LogRocket},
title = {Coroutine},
date = {2023},
url = {https://blog.logrocket.com/using-coroutines-unity/https://blog.logrocket.com/using-coroutines-unity/},
}
@online{Coroutine,
author = {Unity},
title = {Coroutine},
date = {2023},
url = {https://docs.unity3d.com/Manual/Coroutines.html},
}
